@InProceedings{<FasterRCNN>,
	    AUTHOR = "S. Ren and K. He and R. Girshick and J. Sun",
	    TITLE = "Faster {R-CNN}: Towards Real-Time Object Detection with Region Proposal Networks",
        BOOKTITLE = "Conference on Neural Information Processing Systems",
	    YEAR = 2015}
 
@InProceedings{<AutoScallop>,
	    AUTHOR = "M. Dawkins and C. Stewart and S. Gallager and A. York",
	    TITLE = "Automatic scallop detection in benthic environments",
        BOOKTITLE = "{IEEE} Workshop on Applications of Computer Vision",
        YEAR = 2013}

@InProceedings{<HabCam>,
	    AUTHOR = "R. Taylor and N. Vine and  A. York and  S. Lerner and  D. Hart and  J. Howland and  L. Prasad and  L. Mayer and  S. Gallager",
	    TITLE = "Evolution of a benthic imaging system from a towed camera to an automated habitat characterization system",
        BOOKTITLE = "{IEEE} {OCEANS} Conference",
        YEAR = 2008}

@InProceedings{<TrafficSign>,
	    AUTHOR = "Z. Zhu and D. Liang and S. Zhang and X. Huang and B. Li and S. Hu",
	    TITLE = "Traffic-Sign detection and classification in the wild",
        BOOKTITLE = "{IEEE} Conference on Computer Vision and Pattern Recognition",
        YEAR = 2016}

@InProceedings{<Scaling>,
	    AUTHOR = "M. Banko and E. Brill",
	    TITLE = "Scaling to very very large corpora for natural language disambiguation",
        BOOKTITLE = "Proceedings of Association for Computational Linguistics",
        YEAR = 2001}

@InProceedings{<Unreasonable>,
	    AUTHOR = "F. Pereira and P. Norvig and A. Halev",
	    TITLE = "The unreasonable effectiveness of data",
        BOOKTITLE = "{IEEE} Intelligent Systems",
        YEAR = 2009}

@InProceedings{<Revisiting>,
	    AUTHOR = "C. Sun and A. Shrivastava and S. Singh and A. Gupta",
	    TITLE = "Revisiting Unreasonable Effectiveness of Data in Deep Learning Era",
        BOOKTITLE = "{IEEE} International Conference on Computer Vision",
        YEAR = 2017}

@InProceedings{<Blas2008>,
	    AUTHOR = "M. Blas and M. Agrawal and K. Konolige and S. Aravind",
	    TITLE = "Fast color/texture segmentation for outdoor robots",
        BOOKTITLE = "{IEEE} International Conference on Intelligent Robots and Systems",
        YEAR = 2008}

% i *think* this got accepted

@InProceedings{<NvidiaTrail>,
	    AUTHOR = "N. Smolyanskiy and A. Kamenev and J. Smith and S. Birchfield",
	    TITLE = "Toward Low-Flying Autonomous MAV Trail Navigation using Deep Neural Networks for Environmental Awareness",
        BOOKTITLE = "{IEEE} International Conference on Intelligent Robots and Systems",
        YEAR = 2017}

@Article{<GiustiTrail>,
	    AUTHOR = "A. Giusti and J. Guzzi and D. Ciresan, F. He and J. Rodriguez and F. Fontana and M. Faessler and C. Forster and J. Schmidhuber and G. Di Caro and D. Scaramuzza and L. Gambardella",
	    TITLE = "A machine learning approach to visual perception of forest trails for mobile robots",
        JOURNAL = "{IEEE} Robotics and Automation Letters",
	NUMBER=2,
        VOLUME=1,
        YEAR = 2016}


@inproceedings{WuLimYang13,
  Title = {Online Object Tracking: A Benchmark},
  Author = {Y. Wu and J. Lim and M. Yang},
  Booktitle = {{IEEE} Conference on Computer Vision and Pattern Recognition},
  Year = {2013}
}

@Book{<ActiveContours>,
       TITLE="Active Contours",
       AUTHOR="A. Blake and M. Isard",
       PUBLISHER="Springer-Verlag",
       YEAR=1998}

@InProceedings{<KinectTrail>,
	    AUTHOR = "C. Rasmussen",
	    TITLE = "Kinects for Low- and No-Sunlight Outdoor Trail-Following",
        BOOKTITLE = "Workshop on Advanced Reasoning with Depth Cameras at Robotics: Science and Systems",
        YEAR = 2012}

@InProceedings{<FSR2012>,
	    AUTHOR = "C. Rasmussen and Y. Lu and M. Kocamaz",
	    TITLE = "A Trail-Following Robot Which Uses Appearance and Structural Cues",
        BOOKTITLE = "International Conference on Field and Service Robotics",
        YEAR = 2012}

@InProceedings{<Rasmussen2009>,
	    AUTHOR = "C. Rasmussen and Y. Lu and M. Kocamaz",
	    TITLE = "Appearance contrast for fast, robust trail-following",
        BOOKTITLE = "{IEEE} International Conference on Intelligent Robots and Systems",
        YEAR = 2009}

@InProceedings{<Rasmussen2010>,
	    AUTHOR = "C. Rasmussen and Y. Lu and M. Kocamaz",
	    TITLE = "Trail following with omnidirectional vision",
        BOOKTITLE = "{IEEE} International Conference on Intelligent Robots and Systems",
        YEAR = 2010}

@ARTICLE{<Aguzzi2011>,
AUTHOR = "J. Aguzzi and C. Costa and K. Robert and M. Matabos and F. Antonucci and S. Juniper and P. Menesatti",
	    TITLE = "Automated Image Analysis for the Detection of Benthic Crustaceans and Bacterial Mat Coverage Using the VENUS Undersea Cabled Network",
        JOURNAL = "Sensors",
        VOLUME = 11,
        NUMBER = 11,
        YEAR = 2011}
        
@ARTICLE{<Kannappan2014>,
	    AUTHOR = "P. Kannappan and J. Walker and A. Trembanis and H. Tanner",
	    TITLE = "Identifying sea scallops from benthic camera images",
        JOURNAL = "Journal of Limnology and Oceanography",
        YEAR = 2014}
        
@InProceedings{<ZFModel>,
	    AUTHOR = "M. D. Zeiler and R. Fergus",
	    TITLE = "Visualizing and understanding convolutional neural networks",
        BOOKTITLE = "European Conference on Computer Vision",
        YEAR = 2014}
        
@InProceedings{<VGG2015>,
	    AUTHOR = "K. Simonyan and A. Zisserman",
	    TITLE = "Very deep convolutional networks for large-scale image recognition",
        BOOKTITLE = "International Conference on Learning Representations",
        YEAR = 2015}



@InProceedings{<100FPSTracking>,
        AUTHOR = "D. Held and S. Thrun and S. Savarese",
	TITLE = "Learning to Track at 100 FPS with Deep Regression Networks",
        BOOKTITLE = "European Conference on Computer Vision",
        YEAR = 2016}

% However, another paper ( NIPS 2014) criticizes the DeepPose approach thusly:

@InProceedings{<JointCNN>,
        AUTHOR = "J. Tompson and A. Jain and Y. LeCun and C. Bregler",
	TITLE = "Joint Training of a Convolutional Network and a Graphical Model for Human Pose Estimation",
        BOOKTITLE = "Conference on Neural Information Processing Systems",
        YEAR = 2014}

% These guys regress coordinates directly

@InProceedings{<DeepPose>,
        AUTHOR = "A. Toshev and C. Szegedy",
	TITLE = "DeepPose: Human pose estimation via deep neural networks",
        BOOKTITLE = "{IEEE} Conference on Computer Vision and Pattern Recognition",
        YEAR = 2013}

@InProceedings{<FlowingConvNets>,
        AUTHOR = "T. Pfister and J. Charles and A. Zisserman",
	TITLE = "Flowing ConvNets for Human Pose Estimation in Videos",
        BOOKTITLE = "{IEEE} International Conference on Computer Vision",
        YEAR = 2015}




@InProceedings{<YOLO>,
	    AUTHOR = "J. Redmon and S. Divvala and R. Girshick and A. Farhadi",
	    TITLE = "You only look once: Unified, Real-Time Object Detection",
        BOOKTITLE = "{IEEE} Conference on Computer Vision and Pattern Recognition",
        YEAR = 2016}
        
@InProceedings{<YOLO9000>,
        AUTHOR = "J. Redmon and A. Farhadi",
        TITLE = "{YOLO}9000: {B}etter, {F}aster, {S}tronger",
        BOOKTITLE = "{IEEE} Conference on Computer Vision and Pattern Recognition",
        YEAR = 2017}
        
      
@InProceedings{<DPM>,
	    AUTHOR = "M. Sadeghi and D. Forsyth",
	    TITLE = "30Hz object detection with {DPM} {V}5",
        BOOKTITLE = "European Conference on Computer Vision",
        YEAR = 2014}

@InProceedings{<Enomoto2009>,
	    AUTHOR = "K. Enomoto and M. Toda and Y. Kuwahara",
	    TITLE = "Scallop detection from sand-seabed images for fishery investigation",
        BOOKTITLE = "International Congress on Image and Signal Processing",
        YEAR = 2009}

@InProceedings{<FastRCNN>,
        AUTHOR = "R. B. Girshick",
        TITLE = "Fast {R-CNN}",
        BOOKTITLE = "{IEEE} International Conference on Computer Vision",
        YEAR = 2015
}

@ARTICLE{<WordNet>,
        AUTHOR = "G. A. Miller and R. Beckwith and C. Fellbaum and D. Gross and K. J. Miller",
        TITLE = "Introduction to wordnet: An on-line lexical database",
        JOURNAL = "International journal of lexicography",
        YEAR = 1990}
}
        
@InProceedings{<GoogleNet>,
	    AUTHOR = "C. Szegedy and W. Liu and Y. Jia and P. Sermanet and S. Reed and D. Anguelov and D. Erhan and V. Vanhoucke and A. Rabinovich ",
	    TITLE = "Going deeper with convolutions",
        BOOKTITLE = "{IEEE} Conference on Computer Vision and Pattern Recognition",
        YEAR = 2015} 

@InProceedings{<COCO>,
	    AUTHOR = "T. Lin and M. Maire and S. Belongie and J. Hays and P. Perona and D. Ramanan and P. Dollar and C. Zitnick",
	    TITLE = "Microsoft {COCO}: Common objects in context",
        BOOKTITLE = "European Conference on Computer Vision",
        YEAR = 2014}


@InProceedings{<VOT2016>,
	    AUTHOR = "M. Kristan and A. Leonardis and J. Matas and M. Felsberg and R. Pflugfelder and L. Cehovin and T. Vojir and G. Hager and A. Lukezic and G. Fernandez and others",
	    TITLE = "The Visual Object Tracking {VOT2016} challenge results",
        BOOKTITLE = "European Conference on Computer Vision Workshops",
        YEAR = 2016}

@Article{<ImageNet>,
        AUTHOR = "O. Russakovsky and J. Deng and H. Su and J. Krause and S. Satheesh and S. Ma and Z. Huang and A. Karpathy and A. Khosla and M. Bernstein and A. C. Berg and L. Fei-Fei",
        TITLE = "ImageNet Large Scale Visual Recognition Challenge",
        JOURNAL = "International Journal of Computer Vision",
        NUMBER=3,
        VOLUME=115,
        YEAR = 2015
}

@InProceedings{<ResNet2016>,
	    AUTHOR = "K. He and X. Zhang and S. Ren and J. Sun",
	    TITLE = "Deep residual learning for image recognition",
        BOOKTITLE = "{IEEE} Conference on Computer Vision and Pattern Recognition",
        YEAR = 2016} 
        
@InProceedings{<Overfeat2014>,
		TITLE="OverFeat: Integrated Recognition, Localization and Detection using Convolutional Networks",
		AUTHOR = "P. Sermanet and D. Eigen and X. Zhang and M. Mathieu and R. Fergus and Y. LeCun",
        BOOKTITLE = "International Conference on Learning Representations",
        YEAR= 2014}
        
@InProceedings{<SSD>,
	    AUTHOR = "W. Liu and D. Anguelov and D. Erhan and C. Szegedy and S. Reed and C. Fu and A. Berg",
	    TITLE = "{SSD}: Single Shot MultiBox Detector",
        BOOKTITLE = "European Conference on Computer Vision",
        YEAR = 2016}
        
@Article{<PASCAL>,
        AUTHOR = "M. Everingham and L. Van Gool and C. Williams and J. Winn and A. Zisserman",
        TITLE = "The {PASCAL} Visual Object Classes ({VOC}) challenge",
        JOURNAL = "International Journal of Computer Vision",
        YEAR = 2010}

@InProceedings{<Krizhevsky2012>,
	    AUTHOR = "A. Krizhevsky and I. Sutskever and G. E. Hinton",
	    TITLE = "ImageNet Classification with Deep Convolutional Neural Networks",
        BOOKTITLE = "Conference on Neural Information Processing Systems",
	    YEAR = 2012}
        
@InProceedings{<RCNN>,
	    AUTHOR = "R. Girshick and J. Donahue and T. Darrell and J. Malik ",
	    TITLE = "Rich feature hierarchies for accurate object detection and semantic segmentation",
        BOOKTITLE = "{IEEE} Conference on Computer Vision and Pattern Recognition",
        YEAR = 2014} 
       
@Article{<AdaReal>,
        AUTHOR ="R. E. Schapire and Y. Singer",
        TITLE = "Improved Boosting Algorithms Using Confidence-rated Predictions",
        JOURNAL = "Machine Learning",
        VOLUME=37,
        NUMBER=3,
        Year = 1999
}

@Misc{<AdaRealTool>,
        AUTHOR = "A. Vezhnevets",
        TITLE = "{GML} {A}daboost matlab toolbox ",
        BOOKTITLE = "Technique Manual", 
        ADDRESS = "Graphics and Media Laboratory, Computer Science Department, Moscow State University, Moscow, Russian Federation",
        YEAR = "2006"
}

@InProceedings{<AdaClassifier>,
        AUTHOR ="Y. Freund and R. Schapire",
        TITLE = "A decision-theoretic generalization of on-line learning and an application to boosting",
        BOOKTITLE = "Computational Learning Theory",
        YEAR = 1995
}  

@InProceedings{<AdaClassifier2>,
        AUTHOR = "G. Ridgeway",
        TITLE = "The state of boosting",
        BOOKTITLE = "Computing Science and Statistics",
        YEAR = "1999"
}       

@Article{<Rosenkranz2008>,
        AUTHOR = "G. Rosenkranz and S. Gallager and R. Shepard and M. Blakeslee",
        TITLE = "Development of a high-speed, megapixel benthic imaging system for coastal fisheries research in Alaska",
        JOURNAL = "Fisheries Research",
        VOLUME = 92,
        NUMBER = 2,
        YEAR = 2008
}

@misc{<tensorflow2015-whitepaper>,
        title={{TensorFlow}: Large-Scale Machine Learning on Heterogeneous Systems},
        url={http://tensorflow.org/},
        note={Software available from tensorflow.org},
        author={ Mart\'{\i}n~Abadi and Ashish~Agarwal and Paul~Barham and Eugene~Brevdo and Zhifeng~Chen and Craig~Citro and Greg~S.~Corrado and Andy~Davis and Jeffrey~Dean and Matthieu~Devin and Sanjay~Ghemawat and Ian~Goodfellow and Andrew~Harp and Geoffrey~Irving and Michael~Isard and Yangqing Jia and Rafal~Jozefowicz and Lukasz~Kaiser and Manjunath~Kudlur and Josh~Levenberg and Dan~Man\'{e} and Rajat~Monga and Sherry~Moore and Derek~Murray and Chris~Olah and Mike~Schuster and Jonathon~Shlens and Benoit~Steiner and Ilya~Sutskever and Kunal~Talwar and Paul~Tucker and Vincent~Vanhoucke and Vijay~Vasudevan and Fernanda~Vi\'{e}gas and Oriol~Vinyals and Pete~Warden and Martin~Wattenberg and Martin~Wicke and Yuan~Yu and Xiaoqiang~Zheng},
         year={2015},
}

@online{<MNIST>,
       TITLE = "The {MNIST} database of handwritten digits",
       AUTHOR = "Y. LeCun and C. Cortes and C. Burges",
       url = "http://yann.lecun.com/exdb/mnist/",
       YEAR = 1999
}

@Book{<DeepLearningBook>,
       TITLE="Deep Learning",
       AUTHOR="I. Goodfellow and Y. Bengio and A. Courville",
       PUBLISHER="MIT Press",
       YEAR=2016}
       
@misc{<Darknet>,
       TITLE = "Darknet neural network framework",
       AUTHOR = "J. Redmon",
       Note = "Downloaded spring, 2017 from \texttt{https://github.com/pjreddie/darknet}"
}

@TechReport{<cifar10>,
       TITLE = " Learning multiple layers of features from tiny images",
       AUTHOR = "A. Krizhevsky",
       PUBLISHER = "Technical report",
       INSTITUTION = "University of Toronto",
       YEAR = 2009
}

@MastersThesis{<Ferraro2016>,
       TITLE = " Estimating sea scallop incidental mortality from photogrammetric before-after-control-impact surveys",
       AUTHOR = "D. Ferraro",
       SCHOOL = "University of Delaware",
       YEAR = 2016
}

@article{<BACI>,
  title={Environmental Impact Assessment: "Pseudoreplication" in Time?},
  author={A. Stewart-Oaten and W. Murdoch and K. Parker},
  journal={Ecology},
  volume={67},
  number={4},
  pages={929--940},
  year={1986},
  publisher={Wiley}
}


@online{<Fred>,
       TITLE = "Fred’s ImageMagick Scripts",
       AUTHOR = "F. Weinhaus",
       url = "http://www.fmwconcepts.com/imagemagick/retinex/",
       YEAR = 2015
}

@article{uijlings2013selective,
  title={Selective search for object recognition},
  author={Uijlings, J. and van de Sande, K. and Gevers, T. and Smeulders, A.},
  journal={International Journal of Computer Vision},
  volume={104},
  number={2},
  pages={154--171},
  year={2013},
  publisher={Springer}
}

@incollection{zitnick2014edge,
  title={Edge boxes: Locating object proposals from edges},
  author={Zitnick, C. and Doll{\'a}r, P.},
  booktitle={European Conference on Computer Vision (ECCV)},
  pages={391--405},
  year={2014},
  publisher={Springer}
}
        